@book{textbook,
 author = {Arora, Sanjeev and Barak, Boaz},
 title = {Computational Complexity: A Modern Approach},
 year = {2009},
 isbn = {0521424267, 9780521424264},
 edition = {1st},
 publisher = {Cambridge University Press},
 address = {New York, NY, USA},
}

@misc{orthsub,
  author="Weisstein, Eric W.",
  title="Orthogonal Subspaces.",
  year=2014,
  howpublished="http://mathworld.wolfram.com/OrthogonalSubspaces.html"
}

@misc{wikipedia,
  author = "Wikipedia",
  title = "Nonnegative rank",
  year = "2014",
  howpublished = "http://en.wikipedia.org/wiki/Nonnegative\_rank\_\%28linear\_algebra\%29",
  note = "[Online; accessed 21-Mar-2014]"
}
